@mastersthesis{
    glending,
    author = "Glendenning, Lisa",
    year = "2005",
    month = "May",
    title = "Mastering quoridor",
    school = "University of New Mexico",
    type = "B.Sc. thesis",
    address = "Albuquerque, New Mexico",
    url = "http://citeseerx.ist.psu.edu/viewdoc/download?doi=10.1.1.100.5204&rep=rep1&type=pdf",
}

@mastersthesis {
    mertens,
    author = "P.J.C. Mertens",
    title = "A Quoridor-playing Agent",
    year = "2006",
    school = "Maastricht University",
    month = "June",
    url = "http://citeseerx.ist.psu.edu/viewdoc/download?doi=10.1.1.134.5605&rep=rep1&type=pdf",
}
